
@book{szeliski2010computer,
  title={Computer vision: algorithms and applications},
  author={Szeliski, Richard},
  year={2010},
  publisher={Springer Science \& Business Media}
}

@misc{parabola,
  title = {Parabola},
  howpublished = {\url{https://en.wikipedia.org/wiki/Parabola}},
  note = {Accessed: 2017-03-28}
}

@misc{convolution,
  title = {Convolution},
  howpublished = {\url{https://de.wikipedia.org/wiki/Faltungsmatrix}},
  note = {Accessed: 2017-03-28}
}

@misc{edge,
  title = {edge},
  howpublished = {\url{https://en.wikipedia.org/wiki/Canny_edge_detector}},
  note = {Accessed: 2017-03-28}
}